<?xml version="1.0" encoding="UTF-8"?><collection xmlns="http://www.loc.gov/MARC21/slim"><record><leader>00478nam--2200181-u-4500</leader><controlfield tag="001">000052440</controlfield><controlfield tag="002">20161230</controlfield><controlfield tag="005">20161230201050</controlfield><controlfield tag="008">100709s1000------------r-----000-0-eng-d</controlfield><datafield ind1=" " ind2=" " tag="040"><subfield code="a">IFIN-HH</subfield></datafield><datafield ind1=" " ind2=" " tag="080"><subfield code="a">53</subfield></datafield><datafield ind1="1" ind2=" " tag="100"><subfield code="a">Pankhurst, R.C</subfield></datafield><datafield ind1="1" ind2="0" tag="245"><subfield code="a">Dimensional Analysis and Scale Factors</subfield><subfield code="c">R.C. Pankhurst</subfield></datafield><datafield ind1=" " ind2=" " tag="260"><subfield code="a">London</subfield><subfield code="b">Chapman and Hall Limited</subfield><subfield code="c">1964</subfield></datafield><datafield ind1=" " ind2=" " tag="300"><subfield code="a">151 p</subfield></datafield><datafield ind1=" " ind2=" " tag="490"><subfield code="a">Monographs for Students</subfield></datafield><datafield ind1=" " ind2=" " tag="852"><subfield code="a">21269</subfield><subfield code="c">531.7</subfield></datafield><datafield ind1=" " ind2=" " tag="CAT"><subfield code="a">Sys</subfield><subfield code="c">20100709</subfield><subfield code="h">112142</subfield></datafield></record></collection>